@ARTICLE{Wong2023,
	author = {Wong, IpKin Anthony and Sun, Danni and Xiong, Xiling and Li, Xi},
	title = {Craving alterreal authenticity through the post-postmodern lens: An experimental inquiry},
	year = {2023},
	journal = {Tourism Management},
	volume = {94},
	doi = {10.1016/j.tourman.2022.104654},
	url = {https://www.scopus.com/inward/record.uri?eid=2-s2.0-85138069422&doi=10.1016%2fj.tourman.2022.104654&partnerID=40&md5=ef739d7677b13d621cf62b66f23bb9f8},
	type = {Article},
	publication_stage = {Final},
	source = {Scopus},
	note = {Cited by: 0; All Open Access, Bronze Open Access}
}